% Andrej Karpathy - Neural Networks: Zero to Hero
@misc{karpathy,
  author       = {Karpathy, Andrej},
  title        = {{Neural Networks: Zero to Hero}},
  year         = {2022},
  howpublished = {\url{https://www.youtube.com/playlist?list=PLAqhIrjkxbuWI23v9cThsA9GvCAUhRvKZ}},
  note         = {Accessed: 2025-08-19}
}

% MIT 6.034 Artificial Intelligence (Classic Course)
% This is the classic, foundational AI course by Patrick Winston.
@misc{mit_ai,
  author       = {Winston, Patrick Henry},
  title        = {{6.034 Artificial Intelligence}},
  year         = {2010},
  organization = {Massachusetts Institute of Technology},
  howpublished = {MIT OpenCourseWare},
  note         = {URL: \url{https://ocw.mit.edu/courses/6-034-artificial-intelligence-fall-2010/}, Accessed: 2025-08-19}
}

% MIT 6.S191: Introduction to Deep Learning
% Note: This course is updated annually. Using 2024 version.
% To update, change the year and URL to match the updated citation.
@misc{mit_deep_learning,
  author       = {Amini, Alexander and Soleimany, Ava},
  title        = {{MIT 6.S191: Introduction to Deep Learning}},
  year         = {2024},
  organization = {Massachusetts Institute of Technology},
  howpublished = {\url{http://introtodeeplearning.com/}},
  note         = {Accessed: 2025-08-19}
}